@inproceedings{7581887,
  author    = {D. {Anderson} and A. {Apresyan} and A. {Bornheim} and J. {Duarte} and C. {Pe√±a} and A. {Ronzhin} and M. {Spiropulu} and J. {Trevor} and S. {Xie}},
  booktitle = {{2015 IEEE Nuclear Science Symposium and Medical Imaging Conference (NSS/MIC)}},
  doi       = {10.1109/NSSMIC.2015.7581887},
  keywords  = {career},
  month     = {10},
  pages     = {1},
  title     = {Studies towards a precision timing calorimeter for high energy physics collider experiments},
  year      = {2015}
}

@inproceedings{8069874,
  author      = {{Bornheim}, A. and others},
  booktitle   = {{2016 IEEE Nuclear Science Symposium and Medical Imaging Conference}},
  date        = {2016-10},
  doi         = {10.1109/NSSMIC.2016.8069874},
  keywords    = {career},
  shortauthor = {1111},
  sortyear    = {2016},
  title       = {{Comparative test beam studies of precision timing calorimeter technologies}},
  year        = {2016}
}

@inproceedings{Aarrestad:2020ngo,
  archiveprefix = {arXiv},
  author        = {Aarrestad, Thea and others},
  booktitle     = {{2022 Snowmass Summer Study}},
  collaboration = {HEP Software Foundation},
  doi           = {10.5281/zenodo.4009114},
  editor        = {Canal, Philippe and others},
  eprint        = {2008.13636},
  keywords      = {career},
  month         = {8},
  primaryclass  = {physics.comp-ph},
  reportnumber  = {HSF-DOC-2020-01},
  title         = {{HL-LHC Computing Review: Common Tools and Community Software}},
  year          = {2020}
}

@inproceedings{Albertsson:2018maf,
  archiveprefix = {arXiv},
  author        = {Albertsson, Kim and others},
  booktitle     = {{18th International Workshop on Advanced Computing and Analysis Techniques in Physics Research (ACAT 2017)}},
  doi           = {10.1088/1742-6596/1085/2/022008},
  eprint        = {1807.02876},
  journal       = {J. Phys. Conf. Ser.},
  keywords      = {career},
  month         = {09},
  pages         = {022008},
  primaryclass  = {physics.comp-ph},
  reportnumber  = {FERMILAB-PUB-18-318-CD-DI-PPD},
  title         = {Machine Learning in High Energy Physics Community White Paper},
  volume        = {1085},
  year          = {2018}
}

@inproceedings{Apresyan:2022tqw,
  archiveprefix     = {arXiv},
  author            = {Apresyan, Artur and others},
  booktitle         = {{2022 Snowmass Summer Study}},
  contributioncodes = {1, 6, 8, 9, 10, 13},
  eprint            = {2203.07353},
  keywords          = {career},
  month             = {4},
  primaryclass      = {hep-ph},
  title             = {{Improving Di-Higgs Sensitivity at Future Colliders in Hadronic Final States with Machine Learning}},
  year              = {2022}
}

@inproceedings{Benelli:2022sqn,
  archiveprefix     = {arXiv},
  author            = {Benelli, Gabriele and others},
  booktitle         = {{2022 Snowmass Summer Study}},
  contributioncodes = {13},
  eprint            = {2207.09060},
  keywords          = {career},
  month             = {7},
  primaryclass      = {physics.ed-ph},
  title             = {{Data Science and Machine Learning in Education}},
  year              = {2022}
}

@inproceedings{Bhimij:2022xyn,
  archiveprefix     = {arXiv},
  author            = {Bhimij, W. and others},
  booktitle         = {{2022 Snowmass Summer Study}},
  contributioncodes = {13, 14},
  day               = {19},
  eprint            = {2209.08868},
  keywords          = {career},
  month             = {9},
  primaryclass      = {physics.comp-ph},
  reportnumber      = {FERMILAB-PUB-22-715-SCD},
  title             = {{Snowmass 2021 Computational Frontier CompF4 Topical Group Report: Storage and Processing Resource Access}},
  year              = {2022}
}

@inproceedings{Black:2022cth,
  archiveprefix     = {arXiv},
  author            = {Black, K. M. and others},
  booktitle         = {{2022 Snowmass Summer Study}},
  contributioncodes = {14},
  eprint            = {2209.01318},
  keywords          = {career},
  month             = {9},
  primaryclass      = {hep-ex},
  reportnumber      = {FERMILAB-FN-1194},
  title             = {{Muon Collider Forum Report}},
  year              = {2022}
}

@inproceedings{Bornheim_2015,
  author       = {Bornheim, Adolf and others},
  booktitle    = {{16th International Conference on Calorimetry in Particle Physics}},
  date         = {2015-02},
  doi          = {10.1088/1742-6596/587/1/012057},
  journaltitle = {J. Phys. Conf. Ser.},
  keywords     = {career},
  shortauthor  = {1111},
  sortyear     = {2015},
  title        = {Calorimeters for Precision Timing Measurements in High Energy Physics},
  year         = {2015}
}

@inproceedings{Bornheim:2017gql,
  author       = {Bornheim, A. and others},
  booktitle    = {{17th International Conference on Calorimetry in Particle Physics}},
  date         = {2017-11},
  doi          = {10.1088/1742-6596/928/1/012023},
  journaltitle = {J. Phys. Conf. Ser.},
  keywords     = {career},
  pages        = {012023},
  shortauthor  = {1111},
  sortyear     = {2017},
  title        = {{LYSO based precision timing calorimeters}},
  volume       = {928},
  year         = {2017}
}
@inproceedings{Dawson:2022zbb,
  archiveprefix     = {arXiv},
  author            = {Dawson, Sally and others},
  booktitle         = {{2022 Snowmass Summer Study}},
  contributioncodes = {13},
  eprint            = {2209.07510},
  keywords          = {career},
  month             = {9},
  primaryclass      = {hep-ph},
  title             = {{Report of the Topical Group on Higgs Physics for Snowmass 2021: The Case for Precision Higgs Physics}},
  year              = {2022}
}

@inproceedings{Duarte:2014soa,
  archiveprefix = {arXiv},
  author        = {Duarte, Javier},
  booktitle     = {{2nd Large Hadron Collider Physics Conference}},
  eprint        = {1409.4466},
  keywords      = {career},
  month         = {9},
  primaryclass  = {hep-ex},
  title         = {{Search for natural supersymmetry in events with 1 $\PQb$-tagged jet using razor variables at $8\TeV$}},
  year          = {2014}
}

@inproceedings{Duarte:2016wnw,
  author       = {Duarte, Javier},
  booktitle    = {{37th International Conference on High Energy Physics}},
  date         = {2016-05},
  doi          = {10.1016/j.nuclphysbps.2015.09.071},
  journaltitle = {Nucl. Part. Phys. Proc.},
  keywords     = {career},
  shortauthor  = {1111},
  sortyear     = {2016},
  title        = {{Inclusive Searches for Supersymmetry with the CMS detector at $\sqrt{s}=8\TeV$}},
  year         = {2016}
}

@inproceedings{Duarte:2018bsd,
  author       = {Duarte, Javier},
  booktitle    = {{4th International Workshop Connecting The Dots}},
  date         = {2018-08},
  eprint       = {1808.00902},
  eprintclass  = {hep-ex},
  eprinttype   = {arXiv},
  keywords     = {career},
  reportnumber = {FERMILAB-CONF-18-370-CMS-E-PPD},
  shortauthor  = {1111},
  sortyear     = {2018},
  title        = {{Fast reconstruction and data scouting}},
  year         = {2018}
}

@inproceedings{Harris:2022qtm,
  archiveprefix     = {arXiv},
  author            = {Harris, Philip and others},
  booktitle         = {{2022 Snowmass Summer Study}},
  contributioncodes = {13},
  eprint            = {2203.16255},
  keywords          = {career},
  month             = {3},
  primaryclass      = {cs.LG},
  title             = {{Physics Community Needs, Tools, and Resources for Machine Learning}},
  year              = {2022}
}

@inproceedings{Shanahan:2022ifi,
  archiveprefix     = {arXiv},
  author            = {Shanahan, Phiala and others},
  booktitle         = {{2022 Snowmass Summer Study}},
  contributioncodes = {13},
  eprint            = {2209.07559},
  keywords          = {career},
  month             = {9},
  primaryclass      = {physics.comp-ph},
  reportnumber      = {FERMILAB-CONF-22-719-ND-PPD-QIS-SCD},
  title             = {{Snowmass 2021 Computational Frontier CompF03 Topical Group Report: Machine Learning}},
  year              = {2022}
}

@inproceedings{Thais:2022iok,
  archiveprefix     = {arXiv},
  author            = {Thais, Savannah and Calafiura, Paolo and Chachamis, Grigorios and DeZoort, Gage and Duarte, Javier and Ganguly, Sanmay and Kagan, Michael and Murnane, Daniel and Neubauer, Mark S. and Terao, Kazuhiro},
  booktitle         = {{2022 Snowmass Summer Study}},
  contributioncodes = {13},
  eprint            = {2203.12852},
  keywords          = {career},
  month             = {3},
  primaryclass      = {hep-ex},
  title             = {{Graph Neural Networks in Particle Physics: Implementations, Innovations, and Challenges}},
  year              = {2022}
}

@inproceedings{Wozniak:2020,
  author            = {Wo{\'{z}}niak, Kinga A. and Cerri, Olmo and Duarte, Javier M. and M\"{o}ller, Torsten and Ngadiuba, Jennifer and Nguyen, Thong Q. and Pierini, Maurizio and Spiropulu, Maria and Vlimant, Jean-Roch},
  booktitle         = {{24th International Conference on Computing in High Energy and Nuclear Physics (CHEP 2019)}},
  contributioncodes = {10, 14},
  doi               = {10.1051/epjconf/202024506039},
  journal           = {Eur. Phys. J. Web Conf.},
  keywords          = {career},
  month             = {11},
  pages             = {06039},
  title             = {New Physics Agnostic Selections For New Physics Searches},
  volume            = {245},
  year              = {2020}
}

