@article{Deiana:2021niw,
  archiveprefix     = {arXiv},
  author            = {Deiana, Allison McCarn and others},
  contributioncodes = {1, 4, 13, 14},
  day               = {12},
  doi               = {10.3389/fdata.2022.787421},
  eprint            = {2110.13041},
  journal           = {Front. Big Data},
  keywords          = {recent,career},
  month             = {4},
  pages             = {787421},
  primaryclass      = {cs.LG},
  reportnumber      = {FERMILAB-PUB-21-502-AD-E-SCD},
  title             = {Applications and Techniques for Fast Machine Learning in Science},
  volume            = {5},
  year              = {2022}
}