@article{Apresyan:2022tqw,
  archiveprefix = {arXiv},
  author        = {Apresyan, Artur and others},
  booktitle     = {{2022 Snowmass Summer Study}},
  eprint        = {2203.07353},
  keywords      = {career},
  month         = {4},
  primaryclass  = {hep-ph},
  title         = {{Improving Di-Higgs Sensitivity at Future Colliders in Hadronic Final States with Machine Learning}},
  year          = {2022}
}

@techreport{CERN-LHCC-2020-004,
  collaboration = {CMS},
  keywords      = {career},
  month         = {4},
  number        = {CERN-LHCC-2020-004. CMS-TDR-021},
  reportnumber  = {CERN-LHCC-2020-004},
  title         = {The {Phase-2} upgrade of the {CMS} {Level-1} trigger},
  type          = {CMS Technical Design Report},
  url           = {https://cds.cern.ch/record/2714892},
  year          = {2020}
}

@techreport{CMS-DP-2018-046,
  date        = {2018-07},
  keywords    = {career},
  month       = {07},
  number      = {CMS-DP-2018-046},
  shortauthor = {1111},
  sortyear    = {2018},
  title       = {Performance of deep tagging algorithms for boosted double quark jet topology in proton-proton collisions at 13 {TeV} with the {Phase-0} {CMS} detector},
  type        = {CMS Detector Performance Note},
  url         = {https://cds.cern.ch/record/2630438},
  usera       = {CMS},
  year        = {2018}
}

@techreport{CMS-DP-2021-030,
  collaboration = {CMS},
  keywords      = {career},
  month         = {11},
  number        = {CMS-DP-2021-030},
  reportnumber  = {CMS-DP-2021-030},
  title         = {{Machine Learning for Particle Flow Reconstruction at CMS}},
  type          = {CMS Detector Performance Note},
  url           = {https://cds.cern.ch/record/2792320},
  year          = {2021}
}

@techreport{CMS-PAS-EXO-17-026,
  date        = {2018-09},
  keywords    = {career},
  month       = {09},
  number      = {CMS-PAS-EXO-17-026},
  shortauthor = {1111},
  sortyear    = {2018},
  title       = {{Searches for dijet resonances in $\Pp\Pp$ collisions at $\sqrt{s}=13\TeV$ using the 2016 and 2017 datasets}},
  type        = {CMS Physics Analysis Summary},
  url         = {https://cds.cern.ch/record/2637847},
  usera       = {CMS},
  year        = {2018}
}

@misc{Duarte:2017bbq,
  author      = {Duarte, J. and Pena, C. and Wang, A. and Pierini, M. and Spiropulu, M.},
  date        = {2017-03},
  eprint      = {1703.06544},
  eprintclass = {hep-ph},
  eprinttype  = {arXiv},
  keywords    = {career},
  month       = {3},
  shortauthor = {1111},
  sortyear    = {2017},
  title       = {{Squark-mediated Higgs+jets production at the LHC}}
}

@inproceedings{Harris:2022qtm,
  archiveprefix = {arXiv},
  author        = {Harris, Philip and others},
  booktitle     = {{2022 Snowmass Summer Study}},
  eprint        = {2203.16255},
  keywords      = {career},
  month         = {3},
  primaryclass  = {cs.LG},
  title         = {{Physics Community Needs, Tools, and Resources for Machine Learning}},
  year          = {2022}
}

@misc{hls4ml,
  author    = {Vladimir Lon{\v{c}}ar and others},
  doi       = {10.5281/zenodo.1201549},
  keywords  = {career},
  month     = 11,
  publisher = {Zenodo},
  publisher = {Zenodo},
  title     = {{fastmachinelearning}/{\texttt{hls4ml}}},
  url       = {https://github.com/fastmachinelearning/hls4ml},
  version   = {v0.6.0},
  year      = 2021
}

@inproceedings{Thais:2022iok,
  archiveprefix = {arXiv},
  author        = {Thais, Savannah and Calafiura, Paolo and Chachamis, Grigorios and DeZoort, Gage and Duarte, Javier and Ganguly, Sanmay and Kagan, Michael and Murnane, Daniel and Neubauer, Mark S. and Terao, Kazuhiro},
  booktitle     = {{2022 Snowmass Summer Study}},
  eprint        = {2203.12852},
  keywords      = {career},
  month         = {3},
  primaryclass  = {hep-ex},
  title         = {{Graph Neural Networks in Particle Physics: Implementations, Innovations, and Challenges}},
  year          = {2022}
}