
@incollection{Duarte:2020ngm,
  archiveprefix     = {arXiv},
  author            = {Duarte, Javier and Vlimant, Jean-Roch},
  booktitle         = {{Artificial Intelligence for High Energy Physics}},
  contributioncodes = {1, 13},
  doi               = {10.1142/9789811234033_0012},
  editor            = {Paolo Calafiura and David Rousseau and Kazuhiro Terao},
  eprint            = {2012.01249},
  keywords          = {career},
  month             = {03},
  pages             = {387},
  primaryclass      = {hep-ph},
  publisher         = {World Scientific},
  title             = {Graph neural networks for particle tracking and reconstruction},
  year              = {2022}
}

@incollection{Duarte:2024xkc,
  author       = {Duarte, Javier and Rankin, Dylan},
  booktitle    = {{Instrumentation and Techniques in High Energy Physics}},
  contribution = {I was the lead author of the book chapter.},
  doi          = {10.1142/9789819801107_0005},
  editor       = {Lincoln, Don},
  keywords     = {career,recent},
  month        = {12},
  pages        = {125},
  publisher    = {World Scientific},
  title        = {Machine Learning for Analysis and Instrumentation in High Energy Physics},
  year         = {2024}
}