@article{CMS:2021yhb,
  archiveprefix     = {arXiv},
  author            = {Tumasyan, Armen and others},
  collaboration     = {CMS},
  contributioncodes = {3, 8, 9, 10, 12, 14},
  eprint            = {2110.13218},
  keywords          = {career,recent},
  month             = {10},
  note              = {Submitted to \emph{J. High Energy Phys.}},
  primaryclass      = {hep-ex},
  reportnumber      = {CMS-EXO-20-003, CERN-EP-2021-198},
  title             = {Search for long-lived particles produced in association with a {$\PZ$} boson in proton-proton collisions at {$\sqrt{s} = 13\TeV$}},
  year              = {2021}
}

@article{Deiana:2021niw,
  archiveprefix     = {arXiv},
  author            = {Deiana, Allison McCarn and others},
  contributioncodes = {1, 4, 13, 14},
  eprint            = {2110.13041},
  keywords          = {career,recent},
  month             = {10},
  note              = {Submitted to \emph{Front. Big Data}},
  primaryclass      = {cs.LG},
  reportnumber      = {FERMILAB-PUB-21-502-AD-E-SCD},
  title             = {Applications and Techniques for Fast Machine Learning in Science},
  year              = {2021}
}

@article{Touranakou:2022qrp,
  archiveprefix     = {arXiv},
  author            = {Touranakou, Mary and Chernyavskaya, Nadezda and Duarte, Javier and Gunopulos, Dimitrios and Kansal, Raghav and Orzari, Breno and Pierini, Maurizio and Tomei, Thiago and Vlimant, Jean-Roch},
  contributioncodes = {10},
  eprint            = {2203.00520},
  keywords          = {career,recent},
  month             = {3},
  note              = {Submitted to \emph{Mach. Learn.: Sci. Technol.}},
  primaryclass      = {physics.comp-ph},
  title             = {Particle-based Fast Jet Simulation at the {LHC} with Variational Autoencoders},
  year              = {2022}
}
