
@INPROCEEDINGS{neurips2019_sonic,
  AUTHOR = {Duarte, Javier and Holzman, Burt and Jindariani, Sergo and Klinjsma, Thomas and Kreis, Benjamin and Liu, Mia and Pedro, Kevin and Tran, Nhan and Tsaris, Aristeidis and Harris, Phil and Rankin, Dylan and Loncar, Vladimir and Ngadiuba, Jennifer Ngadiuba, Maurizio Pierini and Khan, Suffian and Lee, Brian and Perez, Brandon and Way, Ted W. and Versteeg, Colin and Hauk, Scott and Hsu, Shih-Chieh and Trahms, Matthew and Werran, Dustin and Wu, Zhenbin},
  SHORTAUTHOR = {1111},
  URL = {https://ml4physicalsciences.github.io/2019/files/NeurIPS_ML4PS_2019_64.pdf},
  BOOKTITLE = {{2nd Machine Learning and the Physical Sciences Workshop at the 33rd Conference on Neural Information Processing Systems}},
  DATE = {2019-12},
  DOI = {10.5281/zenodo.3895029},
  SORTYEAR = {2019},
  TITLE = {{Accelerated machine learning as a service for particle physics computing}},
  KEYWORDS = {career,recent},
  contributioncodes = {1, 2, 9, 12, 13}
}

@INPROCEEDINGS{neurips2019_hbb,
  AUTHOR = {Moreno, Eric A. and Cerri, Olmo and Nguyen, Thong Q. and Vlimant, Jean-Roch and Newman, Harvey B. and Periwal, Avikar and Serikova, Aidana and Spiropulu, Maria and Duarte, Javier M. and Pierini, Maurizio},
  SHORTAUTHOR = {1111},
  URL = {https://ml4physicalsciences.github.io/2019/files/NeurIPS_ML4PS_2019_71.pdf},
  BOOKTITLE = {{2nd Machine Learning and the Physical Sciences Workshop at the 33rd Conference on Neural Information Processing Systems}},
  DATE = {2019-12},
  DOI = {10.5281/zenodo.3895048},
  SORTYEAR = {2019},
  TITLE = {{Interaction networks for the identification of Higgs boson decays to bottom quark-antiquark pairs}},
  KEYWORDS = {career,recent},
  contributioncodes = {1, 2, 6, 9, 10, 12, 13}
}

@INPROCEEDINGS{neurips2019_hls4ml,
  AUTHOR = {Duarte, Javier and Herwig, Christian and Holzman, Burt and Jindariani, Sergo and Kreis, Benjamin and Liu, Mia and Rivera, Ryan and Tran, Nhan and Loncar, Vladimir and Ngadiuba, Jennifer and Pierini, Maurizio and Summers, Sioni and Hauck, Scott and Hsu, Shih-Chieh and Wu, Zhenbin and Kreinar, Edward and Han, Song and Harris, Phil and Rankin, Dylan},
  SHORTAUTHOR = {1111},
  URL = {https://ml4physicalsciences.github.io/2019/files/NeurIPS_ML4PS_2019_74.pdf},
  BOOKTITLE = {{2nd Machine Learning and the Physical Sciences Workshop at the 33rd Conference on Neural Information Processing Systems}},
  DATE = {2019-12},
  DOI = {10.5281/zenodo.3895081},
  SORTYEAR = {2019},
  TITLE = {{Low-latency machine learning inference on FPGAs}},
  KEYWORDS = {career,recent},
  contributioncodes = {1, 2, 6, 9, 12, 13}
}

@inproceedings{Rankin:2020usv,
    author = "Rankin, Dylan Sheldon and others",
    title = "{FPGAs}-as-a-Service Toolkit ({FaaST})",
    eprint = "2010.08556",
    archivePrefix = "arXiv",
    primaryClass = "hep-ex",
    reportNumber = "FERMILAB-CONF-20-426-SCD",
    month = "11",
    booktitle = "{2020 IEEE/ACM International Workshop on Heterogeneous High-performance Reconfigurable Computing (H2RC)}",
    year = "2020",
    KEYWORDS = {career,recent},
    contributioncodes = {1, 4, 6, 8, 9, 13},
    pages={38},
    doi={10.1109/H2RC51942.2020.00010}
}

@inproceedings{Kansal:2020svm,
    author = "Kansal, Raghav and Duarte, Javier and Orzari, Breno and Tomei, Thiago and Pierini, Maurizio and Touranakou, Mary and Vlimant, Jean-Roch and Gunopoulos, Dimitrios",
    title = "Graph Generative Adversarial Networks for Sparse Data Generation in High Energy Physics",
    eprint = "2012.00173",
    archivePrefix = "arXiv",
    primaryClass = "physics.data-an",
    month = "12",
    year = "2020",
    KEYWORDS = {career,recent},
    booktitle = "{3rd Machine Learning and the Physical Sciences Workshop at the 34th Conference on Neural Information Processing Systems}",
    contributioncodes = {1, 4, 6, 8, 9, 13},
    url = "https://ml4physicalsciences.github.io/2020/files/NeurIPS_ML4PS_2020_104.pdf"
}

@inproceedings{Heintz:2020soy,
      title={Accelerated charged particle tracking with graph neural networks on {FPGAs}},
      author={Aneesh Heintz and Vesal Razavimaleki and Javier Duarte and Gage DeZoort and Isobel Ojalvo and Savannah Thais and Markus Atkinson and Mark Neubauer and Lindsey Gray and Sergo Jindariani and Nhan Tran and Philip Harris and Dylan Rankin and Thea Aarrestad and Vladimir Loncar and Maurizio Pierini and Sioni Summers and Jennifer Ngadiuba and Mia Liu and Edward Kreinar and Zhenbin Wu},
      year={2020},
      eprint={2012.01563},
      archivePrefix={arXiv},
      primaryClass={physics.ins-det},
      month = {12},
      KEYWORDS = {career,recent},
      booktitle = "{3rd Machine Learning and the Physical Sciences Workshop at the 34th Conference on Neural Information Processing Systems}",
      contributioncodes = {1, 4, 6, 8, 9, 13},
      url = "https://ml4physicalsciences.github.io/2020/files/NeurIPS_ML4PS_2020_137.pdf"
}

@inproceedings{Fahim:2021cic,
title = "{\texttt{hls4ml}}: An open-source codesign workflow to empower scientific low-power machine learning devices",
author={Farah Fahim and Benjamin Hawks and Christian Herwig and James Hirschauer and Sergo Jindariani and Nhan Tran and Luca Carloni and Giuseppe Di Guglielmo and Philip Harris and Jeffrey Krupa and Dylan Rankin and Manuel Blanco Valentin and Josiah Hester and Yingyi Luo and John Mamish and Seda Memik and Thea Aarrestad and Hamza Javed and Vladimir Loncar and Maurizio Pierini and Adrian Alan Pol and Sioni Summers and Javier Duarte and Scott Hauck and Shih-Chieh Hsu and Jennifer Ngadiuba and Mia Liu and Duc Hoang and Edward Kreinar and Zhenbin Wu},
booktitle="{1st tinyML Research Symposium}",
month={03},
year={2021},
KEYWORDS = {career,recent},
contributioncodes = {1, 4, 6, 8, 9, 13},
eprint={2103.05579},
reportNumber = "FERMILAB-CONF-21-080-SCD",
archivePrefix={arXiv},
primaryClass={cs.LG}
}

@inproceedings{Orzari:2021suh,
    author = "Orzari, Breno and Tomei, Thiago and Pierini, Maurizio and Touranakou, Mary and Duarte, Javier and Kansal, Raghav and Vlimant, Jean-Roch and Gunopulos, Dimitrios",
    title = "Sparse Data Generation for Particle-Based Simulation of Hadronic Jets in the {LHC}",
    booktitle = "{LatinX in AI (LXAI) Research Workshop at the 38th International Conference on Machine Learning Conference}",
    eprint = "2109.15197",
    archivePrefix = "arXiv",
    primaryClass = "physics.data-an",
    month = "7",
    KEYWORDS = {career,recent},
    contributioncodes = {1, 2, 4, 6, 10, 14},
    year = "2021",
    url="https://research.latinxinai.org/papers/icml/2021/pdf/paper_15.pdf"
}

@inproceedings{Banbury:2021mlperf,
      title="{MLPerf Tiny} Benchmark",
      author={Colby Banbury and Vijay Janapa Reddi and Peter Torelli and Jeremy Holleman and Nat Jeffries and Csaba Kiraly and Pietro Montino and David Kanter and Sebastian Ahmed and Danilo Pau and Urmish Thakker and Antonio Torrini and Peter Warden and Jay Cordaro and Giuseppe Di Guglielmo and Javier Duarte and Stephen Gibellini and Videet Parekh and Honson Tran and Nhan Tran and Niu Wenxu and Xu Xuesong},
      year={2021},
      month = {12},
      eprint={2106.07597},
      archivePrefix={arXiv},
      primaryClass={cs.LG},
      booktitle={Proceedings of the Neural Information Processing Systems Track on Datasets and Benchmarks},
      volume={1},
      KEYWORDS = {career,recent},
      contributioncodes = {9, 10},
      url={https://datasets-benchmarks-proceedings.neurips.cc/paper/2021/hash/da4fb5c6e93e74d3df8527599fa62642-Abstract-round1.html}
}

@inproceedings{Tsan:2021brw,
    author = "Tsan, Steven and Kansal, Raghav and Aportela, Anthony and Diaz, Daniel and Duarte, Javier and Krishna, Sukanya and Mokhtar, Farouk and Vlimant, Jean-Roch and Pierini, Maurizio",
    title = "{Particle Graph Autoencoders and Differentiable, Learned Energy Mover's Distance}",
    booktitle = "{4th Machine Learning and the Physical Sciences Workshop at the 35th Conference on Neural Information Processing Systems}",
    eprint = "2111.12849",
    archivePrefix = "arXiv",
    primaryClass = "physics.data-an",
    month = "12",
    year = "2021",
    KEYWORDS = {career,recent},
    contributioncodes = {1, 2, 4, 6, 9, 10, 13, 14},
}

@inproceedings{Mokhtar:2021bkf,
    author = "Mokhtar, Farouk and Kansal, Raghav and Diaz, Daniel and Duarte, Javier and Pata, Joosep and Pierini, Maurizio and Vlimant, Jean-Roch",
    title = "{Explaining machine-learned particle-flow reconstruction}",
    booktitle = "{4th Machine Learning and the Physical Sciences Workshop at the 35th Conference on Neural Information Processing Systems}",
    eprint = "2111.12840",
    archivePrefix = "arXiv",
    primaryClass = "physics.data-an",
    month = "12",
    year = "2021",
    KEYWORDS = {career,recent},
    contributioncodes = {1, 2, 4, 6, 10, 13, 14},
}

@inproceedings{Kansal:2021cqp,
    author = "Kansal, Raghav and Duarte, Javier and Su, Hao and Orzari, Breno and Tomei, Thiago and Pierini, Maurizio and Touranakou, Mary and Vlimant, Jean-Roch and Gunopulos, Dimitrios",
    title = "Particle Cloud Generation with Message Passing Generative Adversarial Networks",
    eprint = "2106.11535",
    archivePrefix = "arXiv",
    primaryClass = "cs.LG",
    month = "12",
    year = "2021",
    booktitle = "Advances in Neural Information Processing Systems",
    volume = "34",
    publisher = {Curran Associates, Inc.},
    KEYWORDS = {career,recent},
    contributioncodes = {1, 2, 4, 6, 10, 13, 14},
    url={https://papers.nips.cc/paper/2021/hash/c8512d142a2d849725f31a9a7a361ab9-Abstract.html}
}

@inproceedings{Pata:2022wam,
    author = "Pata, Joosep and Duarte, Javier and Mokhtar, Farouk and Wulff, Eric and Yoo, Jieun and Vlimant, Jean-Roch and Pierini, Maurizio and Girone, Maria",
    title = "{Machine Learning for Particle Flow Reconstruction at CMS}",
    eprint = "2203.00330",
    archivePrefix = "arXiv",
    primaryClass = "physics.data-an",
    month = "3",
    year = "2022",
    booktitle = "20th International Workshop on Advanced Computing and Analysis Techniques in Physics Research",
    KEYWORDS = {career,recent},
    contributioncodes = {1, 2, 4, 6, 10, 13, 14},
}
